%% README:
%% Please add references in decreasing alfabetic order, in the appropriate section below based on the first letter of the tag

%%%%%%%%%%%%%%%%%%%%%%%%%
%% A %%
%%%%%%%%%%%%%%%%%%%%%%%%%

%%%%%%%%%%%%%%%%%%%%%%%%%
%% B %%
%%%%%%%%%%%%%%%%%%%%%%%%%

@article{Bacchetta:2024qre,
  author        = {Bacchetta, Alessandro and Bertone, Valerio and Bissolotti, Chiara and Bozzi, Giuseppe and Cerutti, Matteo and Delcarro, Filippo and Radici, Marco and Rossi, Lorenzo and Signori, Andrea},
  collaboration = {MAP},
  title         = {{Flavor dependence of unpolarized quark transverse momentum distributions from a global fit}},
  eprint        = {2405.13833},
  archiveprefix = {arXiv},
  primaryclass  = {hep-ph},
  reportnumber  = {JLAB-THY-24-4066},
  doi           = {10.1007/JHEP08(2024)232},
  journal       = {JHEP},
  volume        = {08},
  pages         = {232},
  year          = {2024}
}

@article{Bacchetta:2022awv,
  author        = {Bacchetta, Alessandro and Bertone, Valerio and Bissolotti, Chiara and Bozzi, Giuseppe and Cerutti, Matteo and Piacenza, Fulvio and Radici, Marco and Signori, Andrea},
  collaboration = {MAP (Multi-dimensional Analyses of Partonic distributions)},
  title         = {{Unpolarized transverse momentum distributions from a global fit of Drell-Yan and semi-inclusive deep-inelastic scattering data}},
  eprint        = {2206.07598},
  archiveprefix = {arXiv},
  primaryclass  = {hep-ph},
  doi           = {10.1007/JHEP10(2022)127},
  journal       = {JHEP},
  volume        = {10},
  pages         = {127},
  year          = {2022}
}

@article{Bacchetta:2019sam,
  author        = {Bacchetta, Alessandro and Bertone, Valerio and Bissolotti, Chiara and Bozzi, Giuseppe and Delcarro, Filippo and Piacenza, Fulvio and Radici, Marco},
  title         = {{Transverse-momentum-dependent parton distributions up to N$^{3}$LL from Drell-Yan data}},
  eprint        = {1912.07550},
  archiveprefix = {arXiv},
  primaryclass  = {hep-ph},
  reportnumber  = {JLAB-THY-19-3121},
  doi           = {10.1007/JHEP07(2020)117},
  journal       = {JHEP},
  volume        = {07},
  pages         = {117},
  year          = {2020}
}

@article{Bacchetta:2017gcc,
  author        = {Bacchetta, Alessandro and Delcarro, Filippo and Pisano, Cristian and Radici, Marco and Signori, Andrea},
  title         = {{Extraction of partonic transverse momentum distributions from semi-inclusive deep-inelastic scattering, Drell-Yan and Z-boson production}},
  eprint        = {1703.10157},
  archiveprefix = {arXiv},
  primaryclass  = {hep-ph},
  reportnumber  = {JLAB-THY-17-2437},
  doi           = {10.1007/JHEP06(2017)081},
  journal       = {JHEP},
  volume        = {06},
  pages         = {081},
  year          = {2017},
  note          = {[Erratum: JHEP 06, 051 (2019)]}
}

@article{Bozzi:2005wk,
  author        = {Bozzi, Giuseppe and Catani, Stefano and de Florian, Daniel and Grazzini, Massimiliano},
  title         = {{Transverse-momentum resummation and the spectrum of the Higgs boson at the LHC}},
  eprint        = {hep-ph/0508068},
  archiveprefix = {arXiv},
  doi           = {10.1016/j.nuclphysb.2005.12.022},
  journal       = {Nucl. Phys. B},
  volume        = {737},
  pages         = {73--120},
  year          = {2006}
}

@article{Bozzi:2003jy,
  author        = {Bozzi, G. and Catani, S. and de Florian, D. and Grazzini, M.},
  title         = {{The q(T) spectrum of the Higgs boson at the LHC in QCD perturbation theory}},
  eprint        = {hep-ph/0302104},
  archiveprefix = {arXiv},
  reportnumber  = {CERN-TH-2003-026},
  doi           = {10.1016/S0370-2693(03)00656-7},
  journal       = {Phys. Lett. B},
  volume        = {564},
  pages         = {65--72},
  year          = {2003}
}

@article{Bury:2022czx,
  author        = {Bury, Marcin and Hautmann, Francesco and Leal-Gomez, Sergio and Scimemi, Ignazio and Vladimirov, Alexey and Zurita, Pia},
  title         = {{PDF bias and flavor dependence in TMD distributions}},
  eprint        = {2201.07114},
  archiveprefix = {arXiv},
  primaryclass  = {hep-ph},
  reportnumber  = {UWThPh 2021-29, CERN-TH-2022-126},
  doi           = {10.1007/JHEP10(2022)118},
  journal       = {JHEP},
  volume        = {10},
  pages         = {118},
  year          = {2022}
}

%%%%%%%%%%%%%%%%%%%%%%%%%
%% C %%
%%%%%%%%%%%%%%%%%%%%%%%%%

@article{Catani:1996yz,
  author        = {Catani, Stefano and Mangano, Michelangelo L. and Nason, Paolo and Trentadue, Luca},
  title         = {{The Resummation of soft gluons in hadronic collisions}},
  eprint        = {hep-ph/9604351},
  archiveprefix = {arXiv},
  reportnumber  = {CERN-TH-96-86},
  doi           = {10.1016/0550-3213(96)00399-9},
  journal       = {Nucl. Phys. B},
  volume        = {478},
  pages         = {273--310},
  year          = {1996}
}

@book{Collins:2011zzd,
  author    = {Collins, John},
  title     = {{Foundations of Perturbative QCD}},
  doi       = {10.1017/9781009401845},
  isbn      = {978-1-009-40184-5, 978-1-009-40183-8, 978-1-009-40182-1},
  publisher = {Cambridge University Press},
  series    = {Cambridge Monographs on Particle Physics, Nuclear Physics and Cosmology},
  volume    = {32},
  month     = {7},
  year      = {2023}
}

%%%%%%%%%%%%%%%%%%%%%%%%%
%% D %%
%%%%%%%%%%%%%%%%%%%%%%%%%

%%%%%%%%%%%%%%%%%%%%%%%%%
%% E %%
%%%%%%%%%%%%%%%%%%%%%%%%%

@article{Echevarria:2011epo,
  author        = {Echevarria, Miguel G. and Idilbi, Ahmad and Scimemi, Ignazio},
  title         = {{Factorization Theorem For Drell-Yan At Low $q_T$ And Transverse Momentum Distributions On-The-Light-Cone}},
  eprint        = {1111.4996},
  archiveprefix = {arXiv},
  primaryclass  = {hep-ph},
  doi           = {10.1007/JHEP07(2012)002},
  journal       = {JHEP},
  volume        = {07},
  pages         = {002},
  year          = {2012}
}

%%%%%%%%%%%%%%%%%%%%%%%%%
%% F %%
%%%%%%%%%%%%%%%%%%%%%%%%%


%%%%%%%%%%%%%%%%%%%%%%%%%
%% G %%
%%%%%%%%%%%%%%%%%%%%%%%%%

@article{Grewal:2020hoc,
  author        = {Grewal, Manvir and Kang, Zhong-Bo and Qiu, Jian-Wei and Signori, Andrea},
  title         = {{Predictive power of transverse-momentum-dependent distributions}},
  eprint        = {2003.07453},
  archiveprefix = {arXiv},
  primaryclass  = {hep-ph},
  reportnumber  = {JLAB-THY-20-3159},
  doi           = {10.1103/PhysRevD.101.114023},
  journal       = {Phys. Rev. D},
  volume        = {101},
  number        = {11},
  pages         = {114023},
  year          = {2020}
}
%%%%%%%%%%%%%%%%%%%%%%%%%
%% H %%
%%%%%%%%%%%%%%%%%%%%%%%%%

%%%%%%%%%%%%%%%%%%%%%%%%%
%% I %%
%%%%%%%%%%%%%%%%%%%%%%%%%

%%%%%%%%%%%%%%%%%%%%%%%%%
%% J %%
%%%%%%%%%%%%%%%%%%%%%%%%%
%%%%%%%%%%%%%%%%%%%%%%%%%
%% K %%
%%%%%%%%%%%%%%%%%%%%%%%%%

%%%%%%%%%%%%%%%%%%%%%%%%%
%% L %%
%%%%%%%%%%%%%%%%%%%%%%%%%

%%%%%%%%%%%%%%%%%%%%%%%%%
%% M %%
%%%%%%%%%%%%%%%%%%%%%%%%%

@article{Metz:2016swz,
  author        = {Metz, Andreas and Vossen, Anselm},
  title         = {{Parton Fragmentation Functions}},
  eprint        = {1607.02521},
  archiveprefix = {arXiv},
  primaryclass  = {hep-ex},
  doi           = {10.1016/j.ppnp.2016.08.003},
  journal       = {Prog. Part. Nucl. Phys.},
  volume        = {91},
  pages         = {136--202},
  year          = {2016}
}

@misc{MAPfits,
  title        = {{\rm TMD fits}},
  howpublished = {\url{https://mapcollaboration.github.io}}
}

%%%%%%%%%%%%%%%%%%%%%%%%%
%% N %%
%%%%%%%%%%%%%%%%%%%%%%%%%


%%%%%%%%%%%%%%%%%%%%%%%%%
%% O %%
%%%%%%%%%%%%%%%%%%%%%%%%%
%%%%%%%%%%%%%%%%%%%%%%%%%
%% P %%
%%%%%%%%%%%%%%%%%%%%%%%%%

@article{PhysRevD.63.114011,
  title     = {Role of the nonperturbative input in QCD resummed Drell-Yan ${Q}_{T}$ distributions},
  author    = {Qiu, Jianwei and Zhang, Xiaofei},
  journal   = {Phys. Rev. D},
  volume    = {63},
  issue     = {11},
  pages     = {114011},
  numpages  = {18},
  year      = {2001},
  month     = {Apr},
  publisher = {American Physical Society},
  doi       = {10.1103/PhysRevD.63.114011},
  url       = {https://link.aps.org/doi/10.1103/PhysRevD.63.114011}
}

%%%%%%%%%%%%%%%%%%%%%%%%%
%% Q %%
%%%%%%%%%%%%%%%%%%%%%%%%%
%%%%%%%%%%%%%%%%%%%%%%%%%
%% R %%
%%%%%%%%%%%%%%%%%%%%%%%%%

@misc{Runje:2023aa,
  title         = {Constrained Monotonic Neural Networks},
  author        = {Davor Runje and Sharath M. Shankaranarayana},
  year          = {2023},
  eprint        = {2205.11775},
  archiveprefix = {arXiv},
  primaryclass  = {cs.LG},
  url           = {https://arxiv.org/abs/2205.11775}
}
%%%%%%%%%%%%%%%%%%%%%%%%%
%% S %%
%%%%%%%%%%%%%%%%%%%%%%%%%

@article{Scimemi:2019cmh,
  author        = {Scimemi, Ignazio and Vladimirov, Alexey},
  title         = {{Non-perturbative structure of semi-inclusive deep-inelastic and Drell-Yan scattering at small transverse momentum}},
  eprint        = {1912.06532},
  archiveprefix = {arXiv},
  primaryclass  = {hep-ph},
  doi           = {10.1007/JHEP06(2020)137},
  journal       = {JHEP},
  volume        = {06},
  pages         = {137},
  year          = {2020}
}

@article{Scimemi:2017etj,
  author        = {Scimemi, Ignazio and Vladimirov, Alexey},
  title         = {{Analysis of vector boson production within TMD factorization}},
  eprint        = {1706.01473},
  archiveprefix = {arXiv},
  primaryclass  = {hep-ph},
  doi           = {10.1140/epjc/s10052-018-5557-y},
  journal       = {Eur. Phys. J. C},
  volume        = {78},
  number        = {2},
  pages         = {89},
  year          = {2018}
}

%%%%%%%%%%%%%%%%%%%%%%%%%
%% T %%
%%%%%%%%%%%%%%%%%%%%%%%%%
%%%%%%%%%%%%%%%%%%%%%%%%%
%% U %%
%%%%%%%%%%%%%%%%%%%%%%%%%
%%%%%%%%%%%%%%%%%%%%%%%%%
%% V %%
%%%%%%%%%%%%%%%%%%%%%%%%%
%%%%%%%%%%%%%%%%%%%%%%%%%
%% W %%
%%%%%%%%%%%%%%%%%%%%%%%%%
%%%%%%%%%%%%%%%%%%%%%%%%%
%% X %%
%%%%%%%%%%%%%%%%%%%%%%%%%
%%%%%%%%%%%%%%%%%%%%%%%%%
%% Y %%
%%%%%%%%%%%%%%%%%%%%%%%%%
%%%%%%%%%%%%%%%%%%%%%%%%%
%% Z %%
%%%%%%%%%%%%%%%%%%%%%%%%%

@inproceedings{Zhang:1999:aa,
  author    = {Hong Zhang and Zhen Zhang},
  booktitle = {IJCNN'99. International Joint Conference on Neural Networks. Proceedings (Cat. No.99CH36339)},
  title     = {Feedforward networks with monotone constraints},
  year      = {1999},
  volume    = {3},
  number    = {},
  pages     = {1820-1823 vol.3},
  keywords  = {Input variables;Neurons;Neural networks;Artificial neural networks;System testing;Multilayer perceptrons},
  doi       = {10.1109/IJCNN.1999.832655}
}
%%%%%%%%%%%%%%%%%%%%%%%%%

%%%%%%%
